<record><leader>00000cas a2200000 a 4500</leader><controlfield tag="001">38746540</controlfield><controlfield tag="008">980319d18251uuumauwr n       0    0eng c</controlfield><datafield ind1=" " ind2=" " tag="010"><subfield code="a">sn 98066001 </subfield></datafield><datafield ind1=" " ind2=" " tag="040"><subfield code="a">MHN</subfield><subfield code="b">eng</subfield><subfield code="c">MHN</subfield><subfield code="d">OCL</subfield><subfield code="d">OCLCQ</subfield><subfield code="d">OCLCF</subfield><subfield code="d">OCLCO</subfield></datafield><datafield ind1="1" ind2=" " tag="029"><subfield code="a">AU@</subfield><subfield code="b">000013798203</subfield></datafield><datafield ind1=" " ind2=" " tag="042"><subfield code="a">pcc</subfield></datafield><datafield ind1=" " ind2=" " tag="043"><subfield code="a">n-us-ma</subfield></datafield><datafield ind1="0" ind2="4" tag="245"><subfield code="a">The globe, Merrimac and Mass. general advertiser.</subfield></datafield><datafield ind1="3" ind2=" " tag="246"><subfield code="a">Globe, Merrimac and Massachusetts general advertiser</subfield></datafield><datafield ind1="1" ind2="7" tag="246"><subfield code="a">Globe</subfield></datafield><datafield ind1=" " ind2=" " tag="260"><subfield code="a">East-Chelmsford, Mass. :</subfield><subfield code="b">J.H. White</subfield></datafield><datafield ind1=" " ind2=" " tag="300"><subfield code="a">v.</subfield></datafield><datafield ind1=" " ind2=" " tag="310"><subfield code="a">Weekly</subfield></datafield><datafield ind1=" " ind2=" " tag="588"><subfield code="a">Description based on: Vol. 1, no. 4 (July 23, 1825).</subfield></datafield><datafield ind1=" " ind2="0" tag="651"><subfield code="a">Chelmsford (Mass.)</subfield><subfield code="v">Newspapers.</subfield></datafield><datafield ind1=" " ind2="7" tag="655"><subfield code="a">Newspapers.</subfield><subfield code="2">fast</subfield><subfield code="0">(OCoLC)fst01423814</subfield></datafield><datafield ind1=" " ind2="7" tag="651"><subfield code="a">Massachusetts</subfield><subfield code="z">Chelmsford.</subfield><subfield code="2">fast</subfield><subfield code="0">(OCoLC)fst01218841</subfield></datafield><datafield ind1=" " ind2=" " tag="752"><subfield code="a">United States</subfield><subfield code="b">Massachusetts</subfield><subfield code="d">Chelmsford.</subfield></datafield></record>